@article{EOBO,
author = {Saioa López and Lucy Van Dorp and Garrett Hellenthal},
title ={Human Dispersal Out of Africa: A Lasting Debate},
journal = {Evolutionary Bioinformatics},
volume = {11s2},
number = {},
pages = {EBO.S33489},
year = {2015},
doi = {10.4137/EBO.S33489},
}


@article{BEBO,
	title = {Stratigraphic placement and age of modern humans from Kibish, Ethiopia},
	volume = {433},
	issn = {1476-4687},
	doi = {10.1038/nature03258},
	number = {7027},
	journal = {Nature},
	author = {McDougall, Ian and Brown, Francis H. and Fleagle, John G.},
	month = feb,
	year = {2005},
	pages = {733--736},
}

@article{LEVA,
	title = {The Levant versus the Horn of Africa: evidence for bidirectional corridors of human migrations.},
	volume = {74},
	doi = {10.1086/382286},
	number = {3},
	journal = {American journal of human genetics},
	author = {Luis, J. R. and Rowold, D. J. and Regueiro, M. and Caeiro, B. and Cinnioğlu, C. and Roseman, C. and Underhill, P. A. and Cavalli-Sforza, L. L. and Herrera, R. J.},
	month = mar,
	year = {2004},
	pages = {532--544},
}

@article{EGPT,
	title = {Tracing the route of modern humans out of Africa by using 225 human genome sequences from Ethiopians and Egyptians.},
	volume = {96},
	issn = {1537-6605 0002-9297},
	doi = {10.1016/j.ajhg.2015.04.019},
	number = {6},
	journal = {American journal of human genetics},
	author = {Pagani, Luca and Schiffels, Stephan and Gurdasani, Deepti and Danecek, Petr and Scally, Aylwyn and Chen, Yuan and Xue, Yali and Haber, Marc and Ekong, Rosemary and Oljira, Tamiru and Mekonnen, Ephrem and Luiselli, Donata and Bradman, Neil and Bekele, Endashaw and Zalloua, Pierre and Durbin, Richard and Kivisild, Toomas and Tyler-Smith, Chris},
	month = jun,
	year = {2015},
	pages = {986--991},
}

@article{AAA,
author = {Lahr, Marta Mirazon and Foley, Robert},
title = {Multiple dispersals and modern human origins},
journal = {Evolutionary Anthropology: Issues, News, and Reviews},
volume = {3},
number = {2},
pages = {48-60},
doi = {https://doi.org/10.1002/evan.1360030206},
year = {1994}
}

@article{MCEV,
    author = {McEvoy BP and Powell JE and Goddard ME and Visscher PM},
    title = {Human population dispersal "Out of Africa" estimated from linkage disequilibrium and allele frequencies of SNPs.},
    doi = {https://doi.org/10.1101/gr.119636.110},
    year = {2011},
    volume = {21},
    pages = {821-9},
    journal = {Genome Res}
}

@article{TEMP,
    author = {Templeton, Alan},
    year = {2002},
    title = {Out of Africa again and again},
    journal = {Nature},
    volume = {416},
    doi = {https://doi.org/10.1038/416045a},
    pages = {45–51},
}